@inproceedings{Hasani2021LiquidTN,
  title={Liquid Time-constant Networks},
  author={Ramin M. Hasani and Mathias Lechner and Alexander Amini and Daniela Rus and Radu Grosu},
  booktitle={AAAI},
  year={2021}
}

@INPROCEEDINGS{Lechner2019wormInspiredNN,
  author={Lechner, Mathias and Hasani, Ramin and Zimmer, Manuel and Henzinger, Thomas A. and Grosu, Radu},
  booktitle={2019 International Conference on Robotics and Automation (ICRA)}, 
  title={Designing Worm-inspired Neural Networks for Interpretable Robotic Control}, 
  year={2019},
  volume={},
  number={},
  pages={87-94},
  doi={10.1109/ICRA.2019.8793840}}


@article{Lechner2020NeuralCP,
  title={Neural circuit policies enabling auditable autonomy},
  author={Mathias Lechner and Ramin M. Hasani and Alexander Amini and Thomas A. Henzinger and Daniela Rus and Radu Grosu},
  journal={Nature Machine Intelligence},
  year={2020},
  volume={2},
  pages={642-652}
}

@article{Vinyals2019GrandmasterLI,
  title={Grandmaster level in StarCraft II using multi-agent reinforcement learning},
  author={Oriol Vinyals and Igor Babuschkin and Wojciech M. Czarnecki and Micha{\"e}l Mathieu and Andrew Dudzik and Junyoung Chung and David H. Choi and Richard Powell and Timo Ewalds and Petko Georgiev and Junhyuk Oh and Dan Horgan and Manuel Kroiss and Ivo Danihelka and Aja Huang and L. Sifre and Trevor Cai and John P. Agapiou and Max Jaderberg and Alexander Sasha Vezhnevets and R{\'e}mi Leblond and Tobias Pohlen and Valentin Dalibard and David Budden and Yury Sulsky and James Molloy and Tom Le Paine and Caglar Gulcehre and Ziyun Wang and Tobias Pfaff and Yuhuai Wu and Roman Ring and Dani Yogatama and Dario W{\"u}nsch and Katrina McKinney and Oliver Smith and Tom Schaul and Timothy P. Lillicrap and Koray Kavukcuoglu and Demis Hassabis and Chris Apps and David Silver},
  journal={Nature},
  year={2019},
  pages={1-5}
}

@article{Pong2018TemporalDM,
  title={Temporal Difference Models: Model-Free Deep RL for Model-Based Control},
  author={Vitchyr H. Pong and Shixiang Shane Gu and Murtaza Dalal and Sergey Levine},
  journal={ArXiv},
  year={2018},
  volume={abs/1802.09081}
}


@article{Schulman2017ProximalPO,
  title={Proximal Policy Optimization Algorithms},
  author={John Schulman and Filip Wolski and Prafulla Dhariwal and Alec Radford and Oleg Klimov},
  journal={ArXiv},
  year={2017},
  volume={abs/1707.06347}
}

@article{Schulman2015TrustRP,
  title={Trust Region Policy Optimization},
  author={John Schulman and Sergey Levine and P. Abbeel and Michael I. Jordan and Philipp Moritz},
  journal={ArXiv},
  year={2015},
  volume={abs/1502.05477}
}

@article{VorbachCausalNavigation2021,
author = {Vorbach, Charles and Hasani, Ramin and Amini, Alexander and Lechner, Mathias and Rus, Daniela},
year = {2021},
month = {06},
pages = {},
title = {Causal Navigation by Continuous-time Neural Networks}
}

@article{Janner2019WhenTT,
  title={When to Trust Your Model: Model-Based Policy Optimization},
  author={Michael Janner and Justin Fu and Marvin Zhang and Sergey Levine},
  journal={ArXiv},
  year={2019},
  volume={abs/1906.08253}
}

@article{Silver2016MasteringTG,
  title={Mastering the game of Go with deep neural networks and tree search},
  author={David Silver and Aja Huang and Chris J. Maddison and Arthur Guez and L. Sifre and George van den Driessche and Julian Schrittwieser and Ioannis Antonoglou and Vedavyas Panneershelvam and Marc Lanctot and Sander Dieleman and Dominik Grewe and John Nham and Nal Kalchbrenner and Ilya Sutskever and Timothy P. Lillicrap and Madeleine Leach and Koray Kavukcuoglu and Thore Graepel and Demis Hassabis},
  journal={Nature},
  year={2016},
  volume={529},
  pages={484-489}
}

@article{challenging_terrain,
author = {Joonho Lee  and Jemin Hwangbo  and Lorenz Wellhausen  and Vladlen Koltun  and Marco Hutter },
title = {Learning quadrupedal locomotion over challenging terrain},
journal = {Science Robotics},
volume = {5},
number = {47},
pages = {eabc5986},
year = {2020},
doi = {10.1126/scirobotics.abc5986},
URL = {https://www.science.org/doi/abs/10.1126/scirobotics.abc5986},
eprint = {https://www.science.org/doi/pdf/10.1126/scirobotics.abc5986}
}

@inproceedings{Chen2018NeuralOD,
  title={Neural Ordinary Differential Equations},
  author={Tian Qi Chen and Yulia Rubanova and Jesse Bettencourt and David Kristjanson Duvenaud},
  booktitle={NeurIPS},
  year={2018}
}

@article{Funahashi1993ApproximationOD,
  title={Approximation of dynamical systems by continuous time recurrent neural networks},
  author={Ken-ichi Funahashi and Yuichi Nakamura},
  journal={Neural Networks},
  year={1993},
  volume={6},
  pages={801-806}
}

@article{schulman2017ppo,
  added-at = {2019-12-16T18:31:56.000+0100},
  author = {Schulman, John and Wolski, Filip and Dhariwal, Prafulla and Radford, Alec and Klimov, Oleg},
  biburl = {https://www.bibsonomy.org/bibtex/24bbcce6aa1c42ae7f61ef8cf5475aa85/lanteunis},
  ee = {http://arxiv.org/abs/1707.06347},
  interhash = {f57ff463a90dbafb77d55a25aea8355c},
  intrahash = {4bbcce6aa1c42ae7f61ef8cf5475aa85},
  journal = {CoRR},
  keywords = {DRLAlgoComparison ppo reinforcement_learning},
  timestamp = {2019-12-18T21:15:59.000+0100},
  title = {Proximal Policy Optimization Algorithms.},
  url = {http://dblp.uni-trier.de/db/journals/corr/corr1707.html#SchulmanWDRK17},
  volume = {abs/1707.06347},
  year = 2017
}

@INPROCEEDINGS{Konda00actor-criticalgorithms,
    author = {Vijay Konda and John Tsitsiklis},
    title = {Actor-Critic Algorithms},
    booktitle = {SIAM Journal on Control and Optimization},
    year = {2000},
    pages = {1008--1014},
    publisher = {MIT Press}
}

@book{sutton2018reinforcement, 
  title={Reinforcement learning: An introduction}, 
  author={Sutton, Richard S and Barto, Andrew G}, 
  year={2018}, 
  publisher={MIT press} 
}

@article{hoffman2020acme,
    title={Acme: A Research Framework for Distributed Reinforcement Learning},
    author={Matt Hoffman and Bobak Shahriari and John Aslanides and Gabriel
        Barth-Maron and Feryal Behbahani and Tamara Norman and Abbas Abdolmaleki
        and Albin Cassirer and Fan Yang and Kate Baumli and Sarah Henderson and
        Alex Novikov and Sergio GÃ³mez Colmenarejo and Serkan Cabi and Caglar
        Gulcehre and Tom Le Paine and Andrew Cowie and Ziyu Wang and Bilal Piot
        and Nando de Freitas},
    year={2020},
    journal={arXiv preprint arXiv:2006.00979},
    url={https://arxiv.org/abs/2006.00979},
}

@article{stable-baselines3,
  author  = {Antonin Raffin and Ashley Hill and Adam Gleave and Anssi Kanervisto and Maximilian Ernestus and Noah Dormann},
  title   = {Stable-Baselines3: Reliable Reinforcement Learning Implementations},
  journal = {Journal of Machine Learning Research},
  year    = {2021},
  volume  = {22},
  number  = {268},
  pages   = {1-8},
  url     = {http://jmlr.org/papers/v22/20-1364.html}
}
@misc{stable-baselines,
  author = {Hill, Ashley and Raffin, Antonin and Ernestus, Maximilian and Gleave, Adam and Kanervisto, Anssi and Traore, Rene and Dhariwal, Prafulla and Hesse, Christopher and Klimov, Oleg and Nichol, Alex and Plappert, Matthias and Radford, Alec and Schulman, John and Sidor, Szymon and Wu, Yuhuai},
  title = {Stable Baselines},
  year = {2018},
  publisher = {GitHub},
  journal = {GitHub repository},
  howpublished = {\url{https://github.com/hill-a/stable-baselines}},
}


@InProceedings{rllib,
  title = 	 {{RL}lib: Abstractions for Distributed Reinforcement Learning},
  author =       {Liang, Eric and Liaw, Richard and Nishihara, Robert and Moritz, Philipp and Fox, Roy and Goldberg, Ken and Gonzalez, Joseph and Jordan, Michael and Stoica, Ion},
  booktitle = 	 {Proceedings of the 35th International Conference on Machine Learning},
  pages = 	 {3053--3062},
  year = 	 {2018},
  editor = 	 {Dy, Jennifer and Krause, Andreas},
  volume = 	 {80},
  series = 	 {Proceedings of Machine Learning Research},
  month = 	 {10--15 Jul},
  publisher =    {PMLR},
  pdf = 	 {http://proceedings.mlr.press/v80/liang18b/liang18b.pdf},
  url = 	 {https://proceedings.mlr.press/v80/liang18b.html},
}


@misc{konobeev2018,
  author={Mikhail Konobeev},
  title={Neural Ordinary Differential Equations for Continuous Control},
  year={2019},
  publisher={GitHub},
  journal={GitHub repository},
  howpublished={\url{https://github.com/MichaelKonobeev/neuralode-rl}},
}




@misc{RLLib_Bug,
  title = {{Github Issue} [Bug] [rllib] RNN sequencing is incorrect},
  howpublished = {\url{https://github.com/ray-project/ray/issues/19976}},
  note = {Accessed: 2022-06-09}
}

@misc{tensorflow2015-whitepaper,
title={ {TensorFlow}: Large-Scale Machine Learning on Heterogeneous Systems},
url={https://www.tensorflow.org/},
note={Software available from tensorflow.org},
author={
    Mart\'{i}n~Abadi and
    Ashish~Agarwal and
    Paul~Barham and
    Eugene~Brevdo and
    Zhifeng~Chen and
    Craig~Citro and
    Greg~S.~Corrado and
    Andy~Davis and
    Jeffrey~Dean and
    Matthieu~Devin and
    Sanjay~Ghemawat and
    Ian~Goodfellow and
    Andrew~Harp and
    Geoffrey~Irving and
    Michael~Isard and
    Yangqing Jia and
    Rafal~Jozefowicz and
    Lukasz~Kaiser and
    Manjunath~Kudlur and
    Josh~Levenberg and
    Dandelion~Man\'{e} and
    Rajat~Monga and
    Sherry~Moore and
    Derek~Murray and
    Chris~Olah and
    Mike~Schuster and
    Jonathon~Shlens and
    Benoit~Steiner and
    Ilya~Sutskever and
    Kunal~Talwar and
    Paul~Tucker and
    Vincent~Vanhoucke and
    Vijay~Vasudevan and
    Fernanda~Vi\'{e}gas and
    Oriol~Vinyals and
    Pete~Warden and
    Martin~Wattenberg and
    Martin~Wicke and
    Yuan~Yu and
    Xiaoqiang~Zheng},
  year={2015},
}

@incollection{PytorchPaper, 
title = {PyTorch: An Imperative Style, High-Performance Deep Learning Library}, 
author = {Paszke, Adam and Gross, Sam and Massa, Francisco and Lerer, Adam and Bradbury, James and Chanan, Gregory and Killeen, Trevor and Lin, Zeming and Gimelshein, Natalia and Antiga, Luca and Desmaison, Alban and Kopf, Andreas and Yang, Edward and DeVito, Zachary and Raison, Martin and Tejani, Alykhan and Chilamkurthy, Sasank and Steiner, Benoit and Fang, Lu and Bai, Junjie and Chintala, Soumith}, 
booktitle = {Advances in Neural Information Processing Systems 32}, 
pages = {8024--8035}, 
year = {2019}, 
publisher = {Curran Associates, Inc.}, 
url = {http://papers.neurips.cc/paper/9015-pytorch-an-imperative-style-high-performance-deep-learning-library.pdf} 
}
@MISC{pybullet,
author =   {Erwin Coumans and Yunfei Bai},
title =    {PyBullet, a Python module for physics simulation for games, robotics and machine learning},
howpublished = {\url{http://pybullet.org}},
year = {2016--2021}
}

@inproceedings{mujoco,
  added-at = {2018-11-14T00:00:00.000+0100},
  author = {Todorov, Emanuel and Erez, Tom and Tassa, Yuval},
  biburl = {https://www.bibsonomy.org/bibtex/22218cb5d1a40b6e6c2b6077fdff08fbf/dblp},
  booktitle = {IROS},
  crossref = {conf/iros/2012},
  ee = {https://www.wikidata.org/entity/Q56812558},
  interhash = {869ab290a52bafc47114756b66df3c25},
  intrahash = {2218cb5d1a40b6e6c2b6077fdff08fbf},
  isbn = {978-1-4673-1737-5},
  keywords = {dblp},
  pages = {5026-5033},
  publisher = {IEEE},
  timestamp = {2019-10-17T14:19:43.000+0200},
  title = {MuJoCo: A physics engine for model-based control.},
  url = {http://dblp.uni-trier.de/db/conf/iros/iros2012.html#TodorovET12},
  year = 2012
}


@ARTICLE{cartpoleSutton,  author={Barto, Andrew G. and Sutton, Richard S. and Anderson, Charles W.},  journal={IEEE Transactions on Systems, Man, and Cybernetics},   title={Neuronlike adaptive elements that can solve difficult learning control problems},   year={1983},  volume={SMC-13},  number={5},  pages={834-846},  doi={10.1109/TSMC.1983.6313077}}


@misc{Brea,
  author        = {Johanni Brea},
  url = {https://moodle.epfl.ch/pluginfile.php/2779866/mod_resource/content/3/deeprl.pdf},
  title         = {Lecture notes for the course Artificial Neural Networks},
  year          = {2022},
  publisher={EPFL}
}